2185 2849
0 1173 5 1315 5

64 1343 96 1370 n

144 164 457 214 Insulanorum
480 160 534 225 de
547 157 698 206 Infulis
711 159 922 209 Maidivis
937 192 952 215 ‚
987 160 1284 210 Ferdinandus
1308 167 1475 229 Lopetz
1501 166 1554 213 de
1569 170 1654 216 Ca.

144 233 352 297 stagneda
378 225 779 290 Anacangrispasqui
814 229 912 286 (vel
936 229 1030 275 aliae
1054 231 1187 274 etiam
1208 245 1260 276 ac
1291 235 1484 280 minores
1509 239 1660 281 avicu-

145 299 227 355 lae)
262 298 330 345 vel
345 298 462 344 senio
480 294 682 340 confecia
698 324 709 344 ‚
727 293 793 340 vei
808 294 971 342 morbo
985 296 1222 348 emaciata‚
1250 297 1316 342 vel
1330 315 1477 361 pugna
1492 300 1654 348 fiaucia.

146 379 190 413 ta
208 368 251 411 ὅτ,
268 364 550 410 dimicatione
563 358 832 423 defatigata,
856 361 923 407 vel
949 377 1220 425 quocunque
1234 365 1375 417 modo
1392 370 1661 430 interempta

149 432 351 478 decidere
374 427 502 474 facile
516 429 664 489 potuit
686 442 737 473 ac
764 429 908 480 mori,
933 444 1099 480 numne
1115 428 1277 475 deinde
1289 435 1503 494 temporis
1518 435 1660 480 traditi

148 496 365 558 ejusmodi
379 493 620 557 *unguiculi
652 509 704 539 ac
725 493 897 539 rostella
919 493 941 540 a
967 495 1345 542 dietarumavium
1370 514 1661 545 excrementis

148 566 236 626 tegi
257 576 389 624 atque
404 563 618 622 temporis
636 560 776 605 trac'tu
790 559 956 606 obduci
974 557 1160 623 potuiffe
1174 561 1466 609 (inverisimile
1485 570 1499 610 ?
1558 568 1659 612 Sine

146 628 405 690 cujusquam
421 624 581 672 offensa
597 627 688 671 haec
702 626 868 684 adjicio
881 656 897 680 ‚
932 642 1002 672 me
1016 625 1148 673 malle
1163 629 1378 675 Ambram
1395 630 1661 692 puram‚fine

146 695 295 741 rostris
310 723 320 743 ‚
337 693 423 738 fine
438 691 620 738 rostellis
635 723 648 744 ,
662 690 750 737 sine
762 692 978 755 sepia-rum
995 692 1218 745 ossiculis,
1238 695 1326 756 fine
1338 700 1486 743 avium
1503 702 1661 760 ungui-

148 761 258 808 culis
272 791 284 813 ,
308 758 398 805 fine
410 758 688 819 conchyliis,
712 757 801 804 fine
816 756 1058 806 ostrearum
1074 760 1186 806 testis
1210 761 1360 808 aliisve
1373 763 1418 808 id
1432 763 1660 817 similibus.

148 829 367 889 quoniam
380 823 631 888 praesumtio
648 824 705 870 est
718 855 729 873 ¹
750 827 798 872 in
811 824 923 871 fimo
939 825 1253 890 computruisse
1267 827 1402 890 sepias
1429 832 1474 875 δε
1499 830 1663 876 ostreas

151 891 476 953 &conchylia‚
502 890 621 936 unde
644 889 862 952 deteriora
888 891 1062 949 effluvia
1090 895 1135 940 δε
1160 895 1408 955 putredinis
1432 899 1663 958 quippiam

149 956 434 1005 nobilissimae
446 956 624 1003 Ambrae
649 955 777 1002 facile
791 953 1118 1004 commhni'ca'ri
1141 957 1322 1020 potuit:
1363 962 1486 1023 Qid
1516 963 1664 1009 dicam

151 1026 205 1070 de
219 1023 405 1070 rostellis
420 1025 465 1067 ὃς
478 1022 625 1068 rostris
639 1025 788 1070 avium
801 1052 812 1074 ‚
839 1027 947 1069 item
964 1025 1015 1070 de
1032 1025 1251 1087 unguibus
1264 1058 1280 1080 ,
1299 1042 1393 1088 quae
1411 1030 1564 1074 omnia
1583 1045 1665 1090 po·

146 1091 232 1136 tisis
248 1088 493 1151 expellendi
507 1087 720 1134 facultate
732 1091 798 1134 vel
814 1089 932 1152 quafi
950 1091 1129 1153 praedita
1141 1093 1239 1138 sunt
1253 1095 1338 1144 „dt
1365 1094 1420 1139 ad
1447 1098 1666 1142 exteriora

144 1155 226 1202 sese
239 1155 451 1204 exserere,
468 1153 539 1200 sed
550 1156 698 1201 revera
712 1172 806 1201 non
821 1158 984 1203 virtute
997 1158 1158 1219 suapte.
1226 1161 1400 1206 Etenim
1416 1175 1667 1222 nunquam,

151 1221 275 1285 quod
291 1220 348 1267 ad
362 1223 577 1266 exteriora
592 1235 804 1283 tanquam
822 1225 969 1269 minus
983 1224 1133 1269 nobile
1149 1224 1237 1270 fuit
1250 1224 1516 1287 expulsurum}
1532 1242 1668 1272 natu·

146 1303 194 1334 ra
216 1287 501 1349 coaptabitur
525 1304 629 1333 cum
657 1291 861 1349 corporis
884 1290 1082 1349 partibus
1115 1292 1160 1335 ὅτ,
1193 1294 1238 1334 in
1262 1293 1502 1338 earundem
1529 1294 1667 1338 nutri-

149 1367 352 1400 mentum
366 1352 531 1398 abibit:
565 1353 615 1398 Id
629 1353 753 1412 quod
768 1353 945 1412 liquido
961 1369 1141 1414 apparet
1154 1358 1199 1398 in
1214 1358 1341 1405 C.C.,
1357 1359 1402 1400 in
1418 1358 1667 1419 Ung.A1c.,

153 1421 199 1462 in
216 1422 302 1461 Un.
317 1421 425 1460 Cor.
449 1420 495 1459 in
507 1402 741 1479 Unguitffli
759 1416 1058 1464 -Microcoimi
1080 1418 1283 1467 fabulosa
1308 1424 1353 1468 &
1376 1421 1667 1486 superstitiosa

149 1481 370 1544 sculptura
396 1482 484 1526 &c.

665 1598 996 1663 QAESTIO
1065 1601 1150 1649 VI.

267 1705 440 1777 Unde
451 1705 696 1778 Ambra
723 1712 806 1783 ΕΤ
820 1707 1069 1801 quidem
1083 1713 1311 1803 optima
1324 1711 1569 1809 appelle-

694 1831 806 1882 tur
836 1811 1088 1910 Chffysta
1103 1818 1136 1882 ,Ρ

287 1975 346 2032 132.
416 1968 567 2032 Vulgo
581 1976 737 2018 ueniter
752 1982 856 2018 man
871 1977 918 2016 e&
932 1966 1101 2016 Ambra
1113 1974 1199 2018 unb
1217 1970 1451 2020 Ambar‚in
1466 1977 1543 2020 ben
1561 1969 1673 2027 Offi-

159 2033 464 2095 cinisGrysea‚
491 2035 591 2094 (oste
613 2035 711 2083 abet·
734 2035 882 2098 beiffen
895 2034 1102 2095 Chrysea.
1137 2038 1382 2082 Lonicerus
1405 2055 1415 2081 z
1451 2039 1672 2086 Undeau-

158 2114 250 2147 tem
263 2100 452 2161 Chrysea
467 2102 591 2148 scribi
608 2101 766 2148 debeat
787 2132 799 2153 ‚
832 2118 888 2147 «ex
906 2101 1082 2146 duobus
1104 2102 1383 2162 potissimssxm
1405 2103 1673 2151 fundamen-

160 2170 216 2211 tis
228 2165 569 2228 colligerelicet.
636 2169 785 2214 Primo
812 2166 985 2215 constat
1005 2184 1055 2213 ex
1071 2166 1331 2214 Ferdinandi
1347 2172 1545 2232 Lopetzii
1562 2172 1673 2217 rela-

154 2234 280 2278 tione
306 2232 496 2294 superius
512 2249 613 2295 pag.
697 2234 915 2297 allegata,
940 2233 1295 2296 probatissimam
1320 2235 1521 2281 ambram
1550 2237 1670 2283 illam

160 2295 241 2344 effe
251 2328 267 2356 ‚
293 2314 387 2362 quae
404 2298 502 2364 ipsis
517 2299 705 2364 scopulis
719 2304 784 2349 uti
798 2301 937 2368 egesta
952 2300 1236 2355 estyinhaeret,
1252 2305 1296 2348 &
1312 2302 1398 2350 dici
1412 2304 1533 2350 Pona
1547 2303 1673 2349 ham-

1143 2369 1162 2413 1
1196 2382 1218 2418 ,2
1582 2369 1674 2436 bars
